@article{sk06,
  author  =      {Klamt, Steffen and 
                  Saez-Rodriguez, Julio and 
                  Lindquist, Jonathan and 
                  Simeoni, Luca and 
                  Gilles, Ernst},
  title  =       {A methodology for the structural and functional analysis 
                  of signaling and regulatory networks},
  journal  =     {BMC Bioinformatics},
  volume  =      {7},
  year  =        {2006},
  number  =      {1},
  pages  =       {56},
  doi  =         {10.1186/1471-2105-7-56},
}
@article{saez2009,
  title    ={Discrete logic modelling as a means to link protein signalling networks with functional analysis of mammalian signal transduction},
  author   ={Saez-Rodriguez, Julio and Alexopoulos, Leonidas G and Epperlein, Jonathan and Samaga, Regina and Lauffenburger, Douglas A and Klamt, Steffen and Sorger, Peter K},
  journal  ={Molecular systems biology},
  volume   ={5},
  number   ={331},
  year     ={2009},
  publisher={John Wiley \& Sons, Ltd}
  doi      ={10.1038/msb.2009.87}
}
@inproceedings{sthiele10b,
  author    = {Martin Gebser and
               Guzio{\l{}}owski, Carito and
               Mihail Ivanchev and
               Torsten Schaub and
               Anne Siegel and
               Sven Thiele and
               Philippe Veber},
  title     = {Repair and Prediction (under Inconsistency) in Large Biological
               Networks with Answer Set Programming},
  year      = {2010},
  ee        = {http://aaai.org/ocs/index.php/KR/KR2010/paper/view/1334},
  crossref  = "kr10",
}
@article{sthiele11a,
  author    = {Martin Gebser and
               Torsten Schaub and
               Sven Thiele and
               Philippe Veber},
  title     = {Detecting inconsistencies in large biological networks with
               answer set programming},
  journal   = "Theory and Practice of Logic Programming",
  volume    = {11},
  number    = {2-3},
  year      = {2011},
  pages     = {323-360},
  doi        = {10.1017/S1471068410000554},
}
@article{samaga13a,
    author =    {Melas, Ioannis N. and
                Samaga, Regina and
                Alexopoulos, Leonidas G. and
                Klamt, Steffen},
    journal   = {PLoS Computational Biology},
    publisher = {Public Library of Science},
    title =     {{Detecting and Removing Inconsistencies between Experimental Data and
                 Signaling Network Topologies Using Integer Linear Programming on Interaction Graphs}},
    year =      {2013},
    month =     {09},
    volume =    {9},
    pages =     {e1003204},
    number =    {9},
    doi =       {10.1371/journal.pcbi.1003204}
}

@article{samaga13b,
author = {Samaga, Regina and Klamt, Steffen},
title = {Modeling approaches for qualitative and semi-quantitative analysis of cellular signaling networks},
journal = {Cell Communication and Signaling},
volume = {11},
year = {2013},
number = {43},
doi = {10.1186/1478-811X-11-43},
}

@article{sthiele15,
  title     = {Extended Notions of Sign Consistency to Relate Experimental Data to Signaling and Regulatory Network Topologies},
  author    = "Sven Thiele and 
              Luca Cerone and 
              Julio Saez-Rodriguez and  
              Anne Siegel and
              Carito Guzio{\l{}}owski and
              Steffen Klamt",
  journal   = {BMC Bioinformatics},
  volume    = {16},
  number    = {345},
  doi       = {10.1186/s12859-015-0733-7},
  year      = {2015},
}
@proceedings{kr10,
  editor    = {Fangzhen Lin and
               Ulrike Sattler and
               Miroslaw Truszczynski},
  title     = "Proceedings of the Twelfth International Conference on the Principles of Knowledge Representation and Reasoning (KR'10)",
  booktitle = "Proceedings of the Twelfth International Conference on the Principles of Knowledge Representation and Reasoning (KR'10)",
  publisher = {AAAI Press},
  address    = "Menlo Park, CA",
  year      = {2010},
}